@Article{fakes,
 author = "{B. Abi, et al.}",
 title = "Mis-identified lepton backgrounds to top quark pair production for moriond 2011 analysis.",
 number = "ATL-COM-PHYS-2011-144",
}


@article{Meyer:2007zz,
  author = {Meyer, Jorg Manfred},
   title  = "Measurement of the Top Quark Mass using Dilepton Events
                and a Neutrino Weighting Algorithm with the D0 Experiment
                at the Tevatron (Run II)",
     year  = {2007},
     reportNumber = "FERMILAB-THESIS-2007-65",
     SLACcitation = "%%CITATION = FERMILAB-THESIS-2007-65 ETC.;%%",
     }

@article{pdg,
author="Nakamura et al. (Particle Data Group)",
journal = "J. Phys.",
pages = "075021",
issue = "G 37",
year = "(2010)"
}

@article{nuWtmass,
author  = {V. M. Abazov et al.},
year   =  {2009},
journal = {Phys. Rev. D},
volume = {80},
pages = {092006},
}


@article{cdf,
  author = {CDF Collaboration},
  volume = {106},
  journal = {Phys. Rev. Lett.},
  month = {Apr},
  numpages = {7},
  title = {Measurement of the Mass Difference between $t$ and $\overline{t}$ Quarks},
  year = {2011},
  url = {http://link.aps.org/doi/10.1103/PhysRevLett.106.152001},
  doi = {10.1103/PhysRevLett.106.152001},
  issue = {15},
  publisher = {American Physical Society},
  pages = {152001}
}


@article{d0,
  author = {D0 Collaboration},
  volume = {84},
  journal = {Phys. Rev. D},
  month = {Sep},
  numpages = {18},
  title = {Direct measurement of the mass difference between top and antitop quarks},
  year = {2011},
  url = {http://link.aps.org/doi/10.1103/PhysRevD.84.052005},
  doi = {10.1103/PhysRevD.84.052005},
  issue = {5},
  publisher = {American Physical Society},
  pages = {052005}
}



@article{cms,
      author         = "Chatrchyan, Serguei and others",
      title          = "{Measurement of the mass difference between top and
                        antitop quarks}",
      collaboration  = "CMS Collaboration",
      journal        = "JHEP",
      volume         = "1206",
      pages          = "109",
      doi            = "10.1007/JHEP06(2012)109",
      year           = "2012",
      eprint         = "1204.2807",
      archivePrefix  = "arXiv",
      primaryClass   = "hep-ex",
      reportNumber   = "CMS-TOP-11-019, CERN-PH-EP-2012-104",
}


@techreport{CPTPaper,
      author       = "Cembranos, J A R and Rajaraman, A and Takayama, F",
      title        = "CPT violation in the top sector",
      institution  = "Calif. Univ. Irvine",
      address      = "Irvine, CA",
      number       = "hep-ph/0512020. UCI-TR-2005-41",
      month        = "Dec",
      year         = "2005",
}



@Article{topwg,
 author = "{B. Acharya, et al.}",
 title = "Object selection and calibration, background estimation
  and MC samples for the Winter 2012 Top Quark analyses with 2011 data.",
 number = "ATL-COM-PHYS-2012-224",
}


@techreport{QCDfake,
  author= "K. Becker, B and others",
  title = "Mis-identified lepton backgrounds in top quark pair production studies
           for EPS 2011 analyses",
  number= "ATL-COM-PHYS-2011-768",
  month = "Feb",
  year= "2011",
}

@techreport{PionResp,
  author= "The ATLAS Collaboration",
  title = "Calorimeter response to isolated particles identified using resonances in proton-proton collisions at $\sqrt{s} = 7~TeV$ with the ATLAS detector",
  number= "ATL-CONF-2011-019",
  month = "March",
  year= "2011",
}

@article{topquarktheory,
      author         = "Laenen, Eric",
      title          = "{Top quark in theory}",
      year           = "2008",
      eprint         = "0809.3158",
      archivePrefix  = "arXiv",
      primaryClass   = "hep-ph",
      SLACcitation   = "%%CITATION = ARXIV:0809.3158;%%",
}


@techreport{MET,
      author= "The ATLAS Collaboration", 
      title        = "Reconstruction and Calibration of Missing Transverse Energy
                      and Performance in Z and W events in ATLAS Proton-Proton
                      Collisions at 7 TeV",
      institution  = "CERN",
      address      = "Geneva",
      number       = "ATLAS-CONF-2011-080",
      month        = "Jun",
      year         = "2011",
}



@article{TopMass,
      author         = "Potamianos, Karolos",
      title          = "{Top Mass Measurements at the Tevatron}",
      collaboration  = "CDF Collaboration, D0 Collaboration",
      year           = "2012",
      eprint         = "1201.6338",
      archivePrefix  = "arXiv",
      primaryClass   = "hep-ex",
      reportNumber   = "FERMILAB-CONF-11-697-PPD",
}

@article{AvTopMass,
      author       = "Katarina Anthony",
      title        = "Rencontres de Moriond QCD 2012: Straight to the Top.
                      Rencontres de Moriond QCD 2012 : Le top du top",
      number       = "BUL-NA-2012-110. 12/2012",
      pages        = "1",
      month        = "Mar",
      year         = "2012",
}


@article{TDR,
      author       = "The ATLAS Collaboration",
      title        = "The ATLAS Experiment at the CERN Large Hadron Collider",
      journal      = "Journal of Instrumentation",
      volume       = "3", 
      number       = "08",
      url          = "http://stacks.iop.org/1748-0221/3/i=08/a=S08003",
      pages        = "S08003",
      year         = "2008",
}


  	
@phdthesis{HiggsT,
      author       = "Egede, U",
      title        = "The search for a Standard Model Higgs at the LHC and
                      electron identification using transition radiation in the
                      ATLAS tracker. oai:cds.cern.ch:344443",
      school       = "Lund Univ.",
      address      = "Lund",
      year         = "1998",
      note         = "Presented on 16 Jan 1998",
}


@phdthesis{JennaL,
      author       = "Lane, J",
      title        = "Prospects for Charged Higgs Boson Searches at the Large Hadron Collider with Early ATLAS Data",
      school       = "Manchester Univ.",
      address      = "Manchester",
      year         = "2010",
}	



@phdthesis{AlexM,
      author       = "Martyniuk, A",
      title        = "A Search for a Light Charged Higgs Boson Decaying to $c\bar{s}$ at $\hat{\sqrt{s}}=7~\TeV$",
      school       = "Manchester Univ.",
      address      = "Manchester",
      year         = "2011",
}



@misc{HiggsPotential,
Author="Ian Brock",
Howpublished="\url{http://www-zeus.physik.uni-bonn.de/~brock/feynman/vtp_ws0506/chapter09/higgs_pot.jpg}",
Title ="Higgs potential",
note  ="[Online; accessed 27-September-2012]" 
}


@misc{JetCone,
Author="Henning Kirschenmann",
Howpublished="\url{http://cms.web.cern.ch/news/jets-cms-and-determination-their-energy-scale}",
Title="Jets at CMS and the determination of their energy scale",
note  ="[Online; accessed 27-September-2012]" 
}

@misc{Accelerator,
Author="European Organization for Nuclear Research",
Howpublished="\url{http://www.nature.com/nature/journal/v448/n7151/images/nature06077-i2.0.jpg}",
Title="The Accelerator Complex",
note  ="[Online; accessed 27-September-2012]" 
}

@misc{Incident,
Author="CERN Press Release",
Howpublished="\url{http://press.web.cern.ch/press/pressreleases/releases2008/PR14.08E.html}",
Title="CERN releases analysis of LHC incident",
note  ="[Online; accessed 27-September-2012]" 
}

@article{antikt,
  author={Matteo Cacciari and Gavin P. Salam and Gregory Soyez},
  title={The anti- k t jet clustering algorithm},
  journal={Journal of High Energy Physics},
  volume={2008},
  number={04},
  pages={063},
  url={http://stacks.iop.org/1126-6708/2008/i=04/a=063},
  year={2008},
}


@article{KT,
  author={},
  title={Longitudinally invariant K(t) clustering algorithms for hadron hadron collisions},
  journal={Nucl. Phys.},
  volume={406},
  number={1-2},
  pages={187},
  url={http://dx.doi.org/10.1016/0550-3213(93)90166-M},
  year={1993},
  abstract={}
}


@article{CamAac,
  author={},
  title={Better jet clustering algorithms},
  journal={J. High Energy Phys.},
  volume={1997},
  number={8},
  pages={001},
  url={http://stacks.iop.org/1126-6708/1997/i=08/a=001},
  year={1997},
  abstract={}
}

@article{TopMassIOP,
  author={Angela Barbaro Galtieri and Fabrizio Margaroli and Igor Volobouev},
  title={Precision measurements of the top quark mass from the Tevatron in the pre-LHC era},
  journal={Reports on Progress in Physics},
  volume={75},
  number={5},
  pages={056201},
  url={http://stacks.iop.org/0034-4885/75/i=5/a=056201},
  year={2012},
}


@article{CPTLorentz,
      author         = "Dolgov, A.D. and Novikov, V.A.",
      title          = "{CPT, Lorentz invariance, mass differences, and charge
                        non-conservation}",
      journal        = "JETP Lett.",
      volume         = "95",
      pages          = "594-597",
      doi            = "10.1134/S0021364012110033",
      year           = "2012",
      eprint         = "1204.5612",
      archivePrefix  = "arXiv",
      primaryClass   = "hep-ph",
     }





@misc{RunITM,
Author="Fermilab Laboratory",
Howpublished="\url{http://www.fnal.gov/pub/today/resultoftheweek/resultoftheweek_042104.gif}",
Title ="Run I Top Mass Measurement",
note  ="[Online; accessed 27-September-2012]" 
}


@misc{MCSM,
Author="Steve Mrenna",
Howpublished="\url{http://www.phys.psu.edu/~cteq/schools/summer09/talks/mrenna.pdf}",
Title ="Monte Carlo Methods",
note  ="[Online; accessed 27-September-2012]" 
}



@article{PhysicsList,
      author       = "Speckmayer, P",
      title        = "Impact of the choice of physics list on GEANT4 simulations
                      of hadronic showers in tungsten",
      month        = "Feb",
      year         = "2010"
}


@article{FrozenShower,
  author="E Barberio and J Boudreau and B Butler and S L Cheung and A Dell'Acqua and A Di Simone and E Ehrenfeld and M V Gallas and A Glazov and Z
Marshall and J Mueller and R Plaƒçakyte and A Rimoldi and P Savard and V Tsulaia and A Waugh and C C Young",
  title={Fast simulation of electromagnetic showers in the ATLAS calorimeter: Frozen showers},
  journal={Journal of Physics: Conference Series},
  volume={160},
  number={1},
  pages={012082},
  url={http://stacks.iop.org/1742-6596/160/i=1/a=012082},
  year={2009}
}


@article{Geant4,
  author="S. Agostinelli \it et al",
  collaboration = "GEANT4",
  title= "GEANT4, A simulation toolkit",
  journal="Nucl. Instrum. Meth,",
  volume="A506",
  year="2003",
  pages="250-303",
 }


@techreport{JetCalib,
      author       = "Romeo, G and Schwartzman, A and Piegaia, R and Carli, T and
                      Teuscher, R",
      title        = "Jet Energy Resolution from In-situ Techniques with the
                      ATLAS Detector Using Proton-Proton Collisions at a Center of
                      Mass Energy $\sqrt{s}$ = 7 TeV",
      institution  = "CERN",
      address      = "Geneva",
      number       = "ATL-COM-PHYS-2011-240",
      month        = "Mar",
      year         = "2011",
}



@techreport{ElPerf,
      title        = "Expected electron performance in the ATLAS experiment",
      institution  = "CERN",
      address      = "Geneva",
      number       = "ATL-PHYS-PUB-2011-006",
      month        = "Apr",
      year         = "2011",
}




@misc{ParticleMom,
Author="Dr C N Booth",
Howpublished="\url{http://cbooth.staff.shef.ac.uk/phy6040det/magfield.html}",
Title ="Measurement in a Magnetic Field",
note  ="[Online; accessed 28-September-2012]" 
}

@misc{SagittaDist,
Author="Dr C N Booth",
Howpublished="\url{http://cbooth.staff.shef.ac.uk/phy6040det/magfield.html}",
Title ="Measurement in a Magnetic Field",
note  ="[Online; accessed 28-September-2012]" 
}



@techreport{BTagAlgo,
      title        = "Commissioning of the ATLAS high-performance b-tagging
                      algorithms in the 7 TeV collision data",
      institution  = "CERN",
      address      = "Geneva",
      number       = "ATLAS-CONF-2011-102",
      month        = "Jul",
      year         = "2011",
}


@techreport{JESUn,
      author       = "Barillari, T",
      title        = "Jet Energy Scale Uncertainties in ATLAS",
      institution  = "CERN",
      address      = "Geneva",
      number       = "ATL-PHYS-PROC-2012-137",
      month        = "Aug",
      year         = "2012",
}


@misc{SMPart,
Author="Don Lincoln",
Howpublished="\url{http://www.fnal.gov/pub/today/archive_2011/today11-11-18_NutshellStandardModelReadMore.html}",
Title ="The Set of Elementary Particles described by the Standard Model of Physics",
note  ="[Online; accessed 28-September-2012]" 
}

@misc{Branch,
Author="Ann Heinson",
Howpublished="\url{http://www-d0.fnal.gov/Run2Physics/top/top_public_web_pages/top_feynman_diagrams.html}",
Title ="Useful Diagrams of Top Signals and Backgrounds",
note  ="[Online; accessed 28-September-2012]" 
}

@Article{twmc11,
AUTHOR = "{Top MC Group MC11 Twiki,}",
JOURNAL = "https://twiki.cern.ch/twiki/bin/view/viewauth/AtlasProtected/TopMC11",
YEAR=2012
}
@Article{twjet11,
AUTHOR = "{Top Reconstruction Jet Group Twiki,}",
JOURNAL = "https://twiki.cern.ch/twiki/bin/view/viewauth/AtlasProtected/MultijetJESUncertinatyProviderTop",
YEAR=2012
}

@article{SLHA,
      author         = "Skands, Peter Z. and Allanach, B.C. and Baer, H. and
                        Balazs, C. and Belanger, G. and others",
      title          = "{SUSY Les Houches accord: Interfacing SUSY spectrum
                        calculators, decay packages, and event generators}",
      journal        = "JHEP",
      volume         = "0407",
      pages          = "036",
      doi            = "10.1088/1126-6708/2004/07/036",
      year           = "2004",
      eprint         = "hep-ph/0311123",
      archivePrefix  = "arXiv",
      primaryClass   = "hep-ph",
      reportNumber   = "LU-TP-03-39, SHEP-03-24, CERN-TH-2003-204, ZU-TH-15-03,
                        LMU-19-03, DCPT-03-108, IPPP-03-54, CTS-IISC-2003-07,
                        DESY-03-166, MPP-2003-111",
      SLACcitation   = "%%CITATION = HEP-PH/0311123;%%",
}

@techreport{WZxsec,
      author       = "Butterworth, J and Dobson, E and Klein, U and Mellado
                      Garcia, B and Nunnemann, T and Qian, J and Rebuzzi, D and
                      Tanaka, R",
      title        = "Single Boson and Diboson Production Cross Sections in pp
                      Collisions at sqrts=7 TeV",
      institution  = "CERN",
      address      = "Geneva",
      number       = "ATL-COM-PHYS-2010-695",
      month        = "Aug",
      year         = "2010",
}

@techreport{LeptonTrigger,
      author        = "The ATLAS Collaboration",
      title             = "Lepton trigger and identification for the Winter 2011 top quark analyses",
      institution  = "CERN",
      address     = "Geneva",
      number      = "ATL-COM-PHYS-2011-123",
      month         = "March",
      year            = "2011",
}

@article{ElecWT,
      author         = "Quigg, Chris",
      title          = "{The Electroweak theory}",
      pages          = "3-67",
      year           = "2002",
      eprint         = "hep-ph/0204104",
      archivePrefix  = "arXiv",
      primaryClass   = "hep-ph",
      reportNumber   = "FERMILAB-CONF-01-001-T",
      SLACcitation   = "%%CITATION = HEP-PH/0204104;%%",
}


@article{mcatnlo,
      author         = "Frixione, Stefano and Webber, Bryan R.",
      title          = "{Matching NLO QCD computations and parton shower
                        simulations}",
      journal        = "JHEP",
      volume         = "0206",
      pages          = "029",
      year           = "2002",
      eprint         = "hep-ph/0204244",
      archivePrefix  = "arXiv",
      primaryClass   = "hep-ph",
      reportNumber   = "CAVENDISH-HEP-02-01, LAPTH-905-02, GEF-TH-2-2002",
      SLACcitation   = "%%CITATION = HEP-PH/0204244;%%",
}


@article{acermc,
      author         = "Kersevan, Borut Paul and Richter-Was, Elzbieta",
      title          = "{The Monte Carlo event generator AcerMC version 2.0 with
                        interfaces to PYTHIA 6.2 and HERWIG 6.5}",
      year           = "2004",
      eprint         = "hep-ph/0405247",
      archivePrefix  = "arXiv",
      primaryClass   = "hep-ph",
      reportNumber   = "TPJU-6-2004",
      SLACcitation   = "%%CITATION = HEP-PH/0405247;%%",
}



@article{powheg,
      author         = "Nason, Paolo",
      title          = "{A New method for combining NLO QCD with shower Monte
                        Carlo algorithms}",
      journal        = "JHEP",
      volume         = "0411",
      pages          = "040",
      doi            = "10.1088/1126-6708/2004/11/040",
      year           = "2004",
      eprint         = "hep-ph/0409146",
      archivePrefix  = "arXiv",
      primaryClass   = "hep-ph",
      reportNumber   = "BICOCCA-FT-04-11",
      SLACcitation   = "%%CITATION = HEP-PH/0409146;%%",
}

@article{pythia,
  author={Torbj√∂rn Sj√∂strand and Stephen Mrenna and Peter Skands},
  title={PYTHIA 6.4 physics and manual},
  journal={Journal of High Energy Physics},
  volume={2006},
  number={05},
  pages={026},
  url={http://stacks.iop.org/1126-6708/2006/i=05/a=026},
  year={2006},
}

@article{herwig,
      author         = "Corcella, G. and Knowles, I.G. and Marchesini, G. and
                        Moretti, S. and Odagiri, K. and others",
      title          = "{HERWIG 6: An Event generator for hadron emission
                        reactions with interfering gluons (including
                        supersymmetric processes)}",
      journal        = "JHEP",
      volume         = "0101",
      pages          = "010",
      year           = "2001",
      eprint         = "hep-ph/0011363",
      archivePrefix  = "arXiv",
      primaryClass   = "hep-ph",
      reportNumber   = "CAVENDISH-HEP-99-03, CERN-TH-2000-284, RAL-TR-2000-048",
      SLACcitation   = "%%CITATION = HEP-PH/0011363;%%",
}

@article{herwigreleasenotes,
      author         = "Corcella, G. and Knowles, I.G. and Marchesini, G. and
                        Moretti, S. and Odagiri, K. and others",
      title          = "{HERWIG 6.5 release note}",
      year           = "2002",
      eprint         = "hep-ph/0210213",
      archivePrefix  = "arXiv",
      primaryClass   = "hep-ph",
      reportNumber   = "CAVENDISH-HEP-02-17, DAMTP-2002-124, KEK-TH-850,
                        MPI-PHT-2002-55, CERN-TH-2002-270, IPPP-02-58,
                        MC-TH-2002-7",
      SLACcitation   = "%%CITATION = HEP-PH/0210213;%%",
}



